<record><leader>00000cas a22000007a 4500</leader><controlfield tag="001">22742390</controlfield><controlfield tag="008">901127d19191924nyudn ne      0    0eng d</controlfield><datafield ind1=" " ind2=" " tag="010"><subfield code="a">sn 90066576 </subfield></datafield><datafield ind1=" " ind2=" " tag="040"><subfield code="a">NYS</subfield><subfield code="b">eng</subfield><subfield code="c">NYS</subfield><subfield code="d">OCLCQ</subfield><subfield code="d">HLS</subfield></datafield><datafield ind1=" " ind2=" " tag="042"><subfield code="a">msc</subfield></datafield><datafield ind1="0" ind2=" " tag="130"><subfield code="a">Morning sun (Binghamton, N.Y.)</subfield></datafield><datafield ind1="1" ind2="4" tag="245"><subfield code="a">The morning sun.</subfield></datafield><datafield ind1=" " ind2=" " tag="260"><subfield code="a">Binghamton, N.Y. :</subfield><subfield code="b">Binghamton Pub. Co.</subfield></datafield><datafield ind1=" " ind2=" " tag="300"><subfield code="a">v.</subfield></datafield><datafield ind1=" " ind2=" " tag="310"><subfield code="a">Daily (except Sunday)</subfield></datafield><datafield ind1="0" ind2=" " tag="362"><subfield code="a">97th year, no. 218 (Aug. 18, 1919)-102nd year, no. 228 (Sept. 4, 1924).</subfield></datafield><datafield ind1=" " ind2="4" tag="651"><subfield code="a">Binghamton (N.Y.)</subfield><subfield code="v">Newspapers.</subfield></datafield><datafield ind1=" " ind2=" " tag="752"><subfield code="a">United States</subfield><subfield code="b">New York</subfield><subfield code="c">Broome</subfield><subfield code="d">Binghamton.</subfield></datafield><datafield ind1="0" ind2="0" tag="780"><subfield code="t">Binghamton Republican-herald</subfield><subfield code="w">(DLC)sn 90066564</subfield><subfield code="w">(OCoLC)22693396</subfield></datafield><datafield ind1="0" ind2="5" tag="780"><subfield code="t">Record (Johnson City, N.Y.)</subfield><subfield code="w">(DLC)sn 89071120</subfield><subfield code="w">(OCoLC)19334912</subfield></datafield><datafield ind1="0" ind2="0" tag="785"><subfield code="t">Sun (Binghamton, N.Y.)</subfield><subfield code="w">(DLC)sn 90066477</subfield><subfield code="w">(OCoLC)22102179</subfield></datafield><datafield ind1="1" ind2=" " tag="029"><subfield code="a">AU@</subfield><subfield code="b">000025870915</subfield></datafield></record>